%% This BibTeX bibliography file was created using BibDesk.
%% http://bibdesk.sourceforge.net/


%% Created for Fabio Lucidi at 2012-02-13 20:20:06 +0100 


%% Saved with string encoding Unicode (UTF-8) 



@techreport{btp,
	Address = {Via XX Settembre 97, 00187 Roma - Italia},
	Author = {Dipartimento del Tesoro},
	Date-Added = {2012-02-13 19:16:44 +0000},
	Date-Modified = {2012-02-13 19:20:05 +0000},
	Institution = {Ministero dell'Economia e delle Finanze},
	Keywords = {btp asta},
	Month = {Dicembre},
	Title = {Risultat Asta: BTP10 Anni 29/12/2011 - 30/12/2011},
	Type = {Risultati Asta},
	Year = {2011}}

@techreport{bollettinoecobdi,
	Address = {Via Nazionale 91, 00184 Roma - Italia},
	Author = {{Banca d'Italia}},
	Date-Added = {2012-02-13 18:00:44 +0000},
	Date-Modified = {2012-02-13 18:05:18 +0000},
	Institution = {Banca d'Italia - Eurosistema},
	Month = {Gennaio},
	Number = {67},
	Title = {Bollettino Economico},
	Type = {Bollettino Economico},
	Year = {2011}}

@techreport{cbrevacancy,
	Address = {Via del Lauro 5/7, 20121 Milano - Italia},
	Author = {Raffaella Pinto},
	Date-Added = {2012-02-08 11:36:13 +0000},
	Date-Modified = {2012-02-08 11:39:16 +0000},
	Institution = {CBRE},
	Keywords = {cbre vacancy},
	Month = {Marzo},
	Number = {Q3 2011},
	Title = {Italian Quarterly MarketView},
	Type = {MarketView},
	Year = {2011}}

@article{ilsolevacancy,
	Author = {Michela Finizio},
	Date-Added = {2012-02-08 11:33:43 +0000},
	Date-Modified = {2012-02-08 11:35:22 +0000},
	Journal = {Il Sole 24 Ore},
	Keywords = {milano vacancy sole},
	Month = {24 Febbraio},
	Title = {Milano riempir{\`a} i grattacieli?},
	Year = {2010}}

@techreport{rapportobdistabilita,
	Address = {Via Nazionale 91, 00184 Roma - Italia},
	Author = {{Banca d'Italia}},
	Date-Added = {2012-02-07 20:46:16 +0000},
	Date-Modified = {2012-02-07 20:50:58 +0000},
	Institution = {Banca d'Italia - Eurosistema},
	Keywords = {stabilit{\`a} finanziaria},
	Month = {Novembre},
	Number = {2},
	Title = {Il mercato dei titoli di stato},
	Type = {Rapporto sulla stabilit{\`a} finanziaria},
	Year = {2011}}

@techreport{qistechnical,
	Author = {{Commissione Europea}},
	Date-Added = {2012-02-07 14:53:01 +0000},
	Date-Modified = {2012-02-07 14:54:10 +0000},
	Institution = {European Commission},
	Keywords = {QIS 5 Techcnical Specifications},
	Month = {Luglio},
	Title = {QIS 5 Technical Specifications},
	Year = {2010}}

@techreport{eiopaqis5calibration,
	Address = {Westhafenplatz 1 - 60327 Frankfurt -- Germany},
	Author = {EIOPA},
	Date-Added = {2012-02-03 11:21:35 +0000},
	Date-Modified = {2012-02-03 11:24:07 +0000},
	Institution = {EIOPA},
	Keywords = {eiopa qis5 calibration},
	Month = {Aprile},
	Number = {CEIOPS-SEC-40-10},
	Title = {QIS 5 Calibration Paper},
	Year = {2010}}

@techreport{eiopal2standardformula,
	Address = {Westhafenplatz 1 - 60327 Frankfurt -- Germany},
	Author = {EIOPA},
	Date-Added = {2012-02-03 11:16:19 +0000},
	Date-Modified = {2012-02-03 11:18:51 +0000},
	Institution = {EIOPA},
	Keywords = {eiopa standard formula},
	Month = {Ottobre},
	Number = {CEIOPS-DOC-40/09},
	Title = {Final Advice for Level 2 Implementing Measures on Solvency 2: SCR Standard Formula - Article 109 - Structure and Design of Market Risk Module},
	Year = {2009}}

@techreport{amendedfw,
	Author = {{Commissione Europea}},
	Date-Added = {2012-02-02 15:21:11 +0000},
	Date-Modified = {2012-02-02 15:24:33 +0000},
	Institution = {European Commission},
	Keywords = {framework solvency 2},
	Month = {Luglio},
	Title = {Amended framework for consultation on Solvency 2},
	Year = {2005}}

@techreport{cadburyreport,
	Author = {George Adrian Hayhurst Cadbury},
	Date-Added = {2012-02-02 15:00:05 +0000},
	Date-Modified = {2012-02-02 18:02:54 +0000},
	Institution = {The Committee on the Financial Aspects of Corporate Governance and Gee and Co. Ltd},
	Keywords = {cadbury report},
	Month = {Dicembre},
	Title = {The Financial Aspects of Corporate Governance},
	Year = {1992}}

@unpublished{nicelliania,
	Author = {Antonio Nicelli},
	Date-Added = {2012-02-02 14:55:11 +0000},
	Date-Modified = {2012-02-02 14:58:29 +0000},
	Keywords = {Nicelli},
	Month = {Giugno},
	Note = {ANIA},
	Title = {La Gestione dei Rischi in Solvency 2: il mercato italiano},
	Year = {2008}}

@techreport{eiopal2riskmargin,
	Address = {Westhafenplatz 1 - 60327 Frankfurt -- Germany},
	Author = {EIOPA},
	Date-Added = {2012-02-02 14:50:55 +0000},
	Date-Modified = {2012-02-03 11:18:28 +0000},
	Institution = {EIOPA},
	Keywords = {L2 risk margin},
	Month = {Ottobre},
	Number = {CEIOPS-DOC-36/09},
	Title = {Final Advice for Level 2 Implementing Measures on Solvency II: Technical Provisions - Article 86 (d) Calculation of the Risk Margin},
	Year = {2009}}

@techreport{ceaglossary,
	Author = {CEA},
	Date-Added = {2012-02-02 14:47:35 +0000},
	Date-Modified = {2012-02-02 14:53:30 +0000},
	Institution = {CEA - Groupe Consultatif},
	Keywords = {solvency glossary},
	Month = {Marzo},
	Title = {Solvency 2 Glossary},
	Year = {2007}}

@techreport{ania2006,
	Author = {ANIA},
	Date-Added = {2012-02-02 14:37:43 +0000},
	Date-Modified = {2012-02-02 14:42:24 +0000},
	Institution = {ANIA},
	Keywords = {ania solvency},
	Month = {Luglio},
	Title = {L'assicurazione italiana 2006/2007},
	Year = {2007}}

@techreport{reportqis5,
	Author = {EIOPA},
	Date-Added = {2012-02-02 14:28:49 +0000},
	Date-Modified = {2012-02-02 14:53:39 +0000},
	Institution = {EIOPA},
	Keywords = {QIS5},
	Month = {Marzo},
	Number = {EIOPA-TFQIS5-11/001},
	Title = {Report on the fifth Quantitative Impact Study (QIS5) for Solvency 2},
	Year = {2011}}

@article{pacievoluzione,
	Author = {Sergio Paci},
	Date-Added = {2012-02-02 14:21:54 +0000},
	Date-Modified = {2012-02-02 15:35:02 +0000},
	Journal = {Rivista Diritto ed Economia delle assicurazioni},
	Keywords = {paci evoluzione vigilanza},
	Title = {Evoluzione della vigilanza assicurativa},
	Volume = {4},
	Year = {2004}}

@book{hajek,
	Author = {Stefano Hajek},
	Date-Added = {2012-02-02 14:19:12 +0000},
	Date-Modified = {2012-02-02 14:20:09 +0000},
	Keywords = {hajek risk solvency},
	Publisher = {Egea},
	Title = {Solvency 2 Strumenti per il risk management delle aziende assicurative},
	Year = {2011}}

@book{hoeslimorri,
	Author = {Martin Hoesli and Giacomo Morri},
	Date-Added = {2012-02-02 14:17:54 +0000},
	Date-Modified = {2012-02-02 14:19:10 +0000},
	Keywords = {investimento immobiliare},
	Publisher = {Hoepli},
	Title = {Investimento immobiliare.},
	Year = {2010}}

@book{cappiellogestione,
	Author = {Antonella Cappiello},
	Date-Added = {2012-02-02 14:16:45 +0000},
	Date-Modified = {2012-02-02 14:17:38 +0000},
	Keywords = {gestione assicurazioni},
	Publisher = {FrancoAngeli},
	Title = {Economia e gestione delle imprese assicurative},
	Year = {2008}}

@book{cappiellorisk,
	Author = {Antonella Cappiello},
	Date-Added = {2012-02-02 14:13:01 +0000},
	Date-Modified = {2012-02-02 14:15:30 +0000},
	Edizione = {prima},
	Keywords = {risk imprese assicurative},
	Publisher = {FrancoAngeli},
	Title = {Regolamentazione e risk management nelle imprese assicurative},
	Year = {2008}}

@book{geltner,
	Author = {Davide Geltner and Norman Miller and Jim Clayton and Piet Eichholtz},
	Date-Added = {2012-02-02 11:03:40 +0000},
	Date-Modified = {2012-02-02 14:54:05 +0000},
	Keywords = {real estate},
	Month = {Dicembre},
	Publisher = {South-Western Educational Pub},
	Read = {1},
	Title = {Commercial Real Estate Analysis and Investments},
	Year = {2006},
	Bdsk-File-1 = {YnBsaXN0MDDUAQIDBAUIJidUJHRvcFgkb2JqZWN0c1gkdmVyc2lvblkkYXJjaGl2ZXLRBgdUcm9vdIABqAkKFRYXGyIjVSRudWxs0wsMDQ4RFFpOUy5vYmplY3RzV05TLmtleXNWJGNsYXNzog8QgASABqISE4ACgAOAB1lhbGlhc0RhdGFccmVsYXRpdmVQYXRo0hgNGRpXTlMuZGF0YU8RAhYAAAAAAhYAAgAACUhhcmQgRGlzawAAAAAAAAAAAAAAAAAAAAAAAMjmb+ZIKwAAAP90YB9EYXZpZCBHZWx0bmVyIC0gQ29tIzE1ODg5RTMucGRmAAAAAAAAAAAAAAAAAAAAAAAAAAAAAAAAAAAAAAAAAAABWInjyvLHLAAAAAAAAAAAAAIAAwAACSAAAAAAAAAAAAAAAAAAAAAKR2VsdG5lciBSRQAQAAgAAMjmU8YAAAARAAgAAMryuRwAAAABABgA/3RgAIuqPwBBaKEACDEuAAWrzQAAkZ8AAgBcSGFyZCBEaXNrOlVzZXJzOgBmYWJpbzoARHJvcGJveDoAVGVzaToAUGRmIFRlc2k6AEdlbHRuZXIgUkU6AERhdmlkIEdlbHRuZXIgLSBDb20jMTU4ODlFMy5wZGYADgBWACoARABhAHYAaQBkACAARwBlAGwAdABuAGUAcgAgAC0AIABDAG8AbQBtAGUAcgBjAGkAYQBsACAAUgBlAGEAbAAgAEUAcwB0AGEAdABlAC4AcABkAGYADwAUAAkASABhAHIAZAAgAEQAaQBzAGsAEgBXVXNlcnMvZmFiaW8vRHJvcGJveC9UZXNpL1BkZiBUZXNpL0dlbHRuZXIgUkUvRGF2aWQgR2VsdG5lciAtIENvbW1lcmNpYWwgUmVhbCBFc3RhdGUucGRmAAATAAEvAAAVAAIADP//AACABdIcHR4fWCRjbGFzc2VzWiRjbGFzc25hbWWjHyAhXU5TTXV0YWJsZURhdGFWTlNEYXRhWE5TT2JqZWN0XxBELi4vLi4vUGRmIFRlc2kvR2VsdG5lciBSRS9EYXZpZCBHZWx0bmVyIC0gQ29tbWVyY2lhbCBSZWFsIEVzdGF0ZS5wZGbSHB0kJaIlIVxOU0RpY3Rpb25hcnkSAAGGoF8QD05TS2V5ZWRBcmNoaXZlcgAIABEAFgAfACgAMgA1ADoAPABFAEsAUgBdAGUAbABvAHEAcwB2AHgAegB8AIYAkwCYAKACugK8AsECygLVAtkC5wLuAvcDPgNDA0YDUwNYAAAAAAAAAgEAAAAAAAAAKAAAAAAAAAAAAAAAAAAAA2o=}}
